
@book{noauthor_calcul_nodate,
	title = {Calcul différentiel et équations différentielles},
}

@book{sylvie_benzoni-gavage_calcul_2021,
	location = {Paris},
	title = {Calcul différentiel et équations différentielles: cours et exercices corrigés},
	isbn = {978-2-10-083537-9},
	shorttitle = {Calcul différentiel et équations différentielles},
	abstract = {Cet ouvrage est destiné aux étudiants en Master de mathématiques appliquées, aux élèves ingénieurs et aux candidats au {CAPES} ou à l'agrégation de mathématiques. Construit à partir de l'expérience de l'auteur, il répond à une double exigence scientifique et pédagogique. Le cours présente de façon progressive, détaillée et rigoureuse la théorie des équations différentielles. Les notions fondamentales sont illustrées par des exemples qui présentent de nombreuses applications concrètes actuelles. Des exercices, dont les corrigés figurent en fin d'ouvrage, permettent de se préparer efficacement aux épreuves. Dans cette nouvelle édition, la progression du cours a été revue pour le rendre plus accessible et les exercices ont été renouvelés.},
	publisher = {Dunod},
	author = {{Sylvie Benzoni-Gavage}},
	date = {2021},
	keywords = {Calcul différentiel; Équations différentielles; Problèmes et exercices; Manuels d'enseignement supérieur},
}

@book{francis_filbet_analyse_2009,
	location = {Paris},
	title = {Analyse numérique, modélisation: algorithme et étude mathématique : cours et exercices corrigés},
	isbn = {978-2-10-052253-8},
	series = {Sciences sup mathématiques},
	shorttitle = {Analyse numérique, modélisation},
	abstract = {Cet ouvrage est principalement destiné aux étudiants de troisième année de Licence de mathématiques ainsi qu'aux élèves des écoles d'ingénieurs. Les deux derniers chapitres constituent une solide introduction à l'étude des équations différentielles et aux dérivées partielles abordées en Master. L'objectif de cet ouvrage est d'introduire le lecteur à la modélisation mathématique et à la simulation numérique qui occupent une place prépondérante dans les applications à l'industrie et à tous les domaines de la science (physique, biologie, chimie...) Afin de faciliter la lecture, les résultats classiques concernant l'algèbre linéaire, le calcul différentiel et l'analyse sont également rappelés. Des exercices corrigés illustrent le cours et permettent au lecteur de faire le point sur les connaissances acquises. (source : 4e de couv.)},
	pagetotal = {iv+316},
	publisher = {Dunod},
	author = {{Francis Filbet}},
	date = {2009},
	keywords = {Analyse numérique, Modèles mathématiques, Simulation par ordinateur},
}

@article{lorenz_deterministic_1963,
	title = {Deterministic Nonperiodic Flow},
	volume = {20},
	issn = {0022-4928, 1520-0469},
	url = {https://journals.ametsoc.org/view/journals/atsc/20/2/1520-0469_1963_020_0130_dnf_2_0_co_2.xml},
	doi = {10.1175/1520-0469(1963)020<0130:DNF>2.0.CO;2},
	abstract = {Abstract Finite systems of deterministic ordinary nonlinear differential equations may be designed to represent forced dissipative hydrodynamic flow. Solutions of these equations can be identified with trajectories in phase space. For those systems with bounded solutions, it is found that nonperiodic solutions are ordinarily unstable with respect to small modifications, so that slightly differing initial states can evolve into considerably different states. Systems with bounded solutions are shown to possess bounded numerical solutions. A simple system representing cellular convection is solved numerically. All of the solutions are found to be unstable, and almost all of them are nonperiodic. The feasibility of very-long-range weather prediction is examined in the light of these results.},
	pages = {130--141},
	number = {2},
	journaltitle = {Journal of the Atmospheric Sciences},
	author = {Lorenz, Edward N.},
	urldate = {2024-04-24},
	date = {1963-03-01},
	note = {Publisher: American Meteorological Society
Section: Journal of the Atmospheric Sciences},
	file = {Full Text PDF:C\:\\Users\\chabe\\Zotero\\storage\\QYVVM6WK\\Lorenz - 1963 - Deterministic Nonperiodic Flow.pdf:application/pdf},
}

@article{lorenz_does_1972,
	title = {Does a flap of a butterfly's wings in Brazil set off a tornado in Texas?},
	author = {Lorenz, Edward},
	date = {1972-01},
}

@book{florent_berthelin_equations_2021,
	location = {Paris},
	edition = {Nouvelle édition 2021, corrigée et augmentée de 8 exercices},
	title = {Équations différentielles},
	isbn = {978-2-84225-229-8},
	series = {Enseignement des mathématiques 34},
	pagetotal = {ix+707},
	publisher = {Cassini},
	author = {{Florent Berthelin}},
	date = {2021},
	keywords = {Équations différentielles},
}
